<record><leader>00000cas a2200000 a 4500</leader><controlfield tag="001">34297093</controlfield><controlfield tag="008">960301d19131918fludn ne      0    0eng c</controlfield><datafield ind1=" " ind2=" " tag="010"><subfield code="a">sn 96027193 </subfield></datafield><datafield ind1=" " ind2=" " tag="040"><subfield code="a">FUG</subfield><subfield code="b">eng</subfield><subfield code="c">FUG</subfield><subfield code="d">OCLCQ</subfield><subfield code="d">OCLCF</subfield><subfield code="d">OCLCO</subfield></datafield><datafield ind1=" " ind2=" " tag="012"><subfield code="i">9603</subfield></datafield><datafield ind1="1" ind2=" " tag="029"><subfield code="a">AU@</subfield><subfield code="b">000025919597</subfield></datafield><datafield ind1=" " ind2=" " tag="042"><subfield code="a">pcc</subfield></datafield><datafield ind1=" " ind2=" " tag="043"><subfield code="a">n-us-fl</subfield></datafield><datafield ind1="0" ind2=" " tag="130"><subfield code="a">Morning sentinel (Orlando, Fla.)</subfield></datafield><datafield ind1="1" ind2="4" tag="245"><subfield code="a">The morning sentinel.</subfield></datafield><datafield ind1="1" ind2="3" tag="246"><subfield code="a">Daily South Florida sentinel</subfield></datafield><datafield ind1=" " ind2=" " tag="260"><subfield code="a">Orlando, Fla. :</subfield><subfield code="b">Josiah Ferris,</subfield><subfield code="c">1913-1918.</subfield></datafield><datafield ind1=" " ind2=" " tag="300"><subfield code="a">6 v.</subfield></datafield><datafield ind1=" " ind2=" " tag="310"><subfield code="a">Daily (except Monday)</subfield></datafield><datafield ind1="0" ind2=" " tag="362"><subfield code="a">Vol. 1, no. 270 (Dec. 21, 1913)-v. 6, no. 93 (May 31, 1918).</subfield></datafield><datafield ind1=" " ind2=" " tag="580"><subfield code="a">Weekly ed.: South Florida sentinel.</subfield></datafield><datafield ind1=" " ind2="0" tag="651"><subfield code="a">Orlando (Fla.)</subfield><subfield code="v">Newspapers.</subfield></datafield><datafield ind1=" " ind2="0" tag="651"><subfield code="a">Orange County (Fla.)</subfield><subfield code="v">Newspapers.</subfield></datafield><datafield ind1=" " ind2="7" tag="655"><subfield code="a">Newspapers.</subfield><subfield code="2">fast</subfield><subfield code="0">(OCoLC)fst01423814</subfield></datafield><datafield ind1=" " ind2="7" tag="651"><subfield code="a">Florida</subfield><subfield code="z">Orange County.</subfield><subfield code="2">fast</subfield><subfield code="0">(OCoLC)fst01211878</subfield></datafield><datafield ind1=" " ind2="7" tag="651"><subfield code="a">Florida</subfield><subfield code="z">Orlando.</subfield><subfield code="2">fast</subfield><subfield code="0">(OCoLC)fst01204036</subfield></datafield><datafield ind1=" " ind2=" " tag="752"><subfield code="a">United States</subfield><subfield code="b">Florida</subfield><subfield code="c">Orange</subfield><subfield code="d">Orlando.</subfield></datafield><datafield ind1="1" ind2=" " tag="775"><subfield code="t">South Florida sentinel</subfield><subfield code="w">(DLC)sn 95026684</subfield><subfield code="w">(OCoLC)33065921</subfield></datafield><datafield ind1="0" ind2="0" tag="780"><subfield code="t">Daily sentinel (Orlando, Fla.)</subfield><subfield code="w">(DLC)sn 96027192</subfield><subfield code="w">(OCoLC)34297092</subfield></datafield><datafield ind1="0" ind2="0" tag="785"><subfield code="t">Orlando morning sentinel</subfield><subfield code="w">(DLC)sn 83016284</subfield><subfield code="w">(OCoLC)2734467</subfield></datafield><datafield ind1=" " ind2=" " tag="850"><subfield code="a">FU</subfield></datafield></record>